
@article{ken2012beginners,
	title = {A Beginners Guide to Dual-Quaternions: What They Are, How They Work, and How to Use Them for 3{D} Character Hierarchies},
	author = {Ben Kenwright},
	journal = {The 20th International Conference on Computer Graphics, Visualization and Computer Vision},
	month = {June},
	year = {2012},
	pages = {1--13},
	url = {http://wscg.zcu.cz/wscg2012/short/A29-full.pdf}
}

@article{gu1987dual,
	title={Dual-number transformation and its applications to robotics},
	author={Gu, You-Liang and Luh, J},
	journal={IEEE Journal on Robotics and Automation},
	volume={3},
	number={6},
	pages={615--623},
	year={1987},
	publisher={IEEE}
}

@inproceedings{adorno2010dual,
	title={Dual position control strategies using the cooperative dual task-space framework},
	author={Adorno, Bruno Vilhena and Fraisse, Philippe and Druon, S{\'e}bastien},
	booktitle={IROS'10: International Conference on Intelligent Robots and Systems},
	pages={3955--3960},
	year={2010},
	organization={IEEE}
}

@inproceedings{pham2010position,
	title={Position and orientation control of robot manipulators using dual quaternion feedback},
	author={Pham, Hoang-Lan and Perdereau, V{\'e}ronique and Adorno, Bruno Vilhena and Fraisse, Philippe},
	booktitle={Intelligent Robots and Systems (IROS), 2010 IEEE/RSJ International Conference on},
	pages={658--663},
	year={2010},
	organization={IEEE}
}
@article{caccavale2000task,
	title={Task-space regulation of cooperative manipulators},
	author={Caccavale, Fabrizio and Chiacchio, Pasquale and Chiaverini, Stefano},
	journal={Automatica},
	volume={36},
	number={6},
	pages={879--887},
	year={2000},
	publisher={Elsevier}
}
@article{akyar2008dual,
	title={Dual quaternions in spatial kinematics in an algebraic sense},
	author={Akyar, Bedia},
	journal={Turkish Journal of Mathematics},
	volume={32},
	number={4},
	pages={373--391},
	year={2008},
	publisher={The Scientific and Technological Research Council of Turkey}
}
@article{gu1987dual,
	title={Dual-number transformation and its applications to robotics},
	author={Gu, You-Liang and Luh, J},
	journal={IEEE Journal on Robotics and Automation},
	volume={3},
	number={6},
	pages={615--623},
	year={1987},
	publisher={IEEE}
}

@book{ghosal2006robotics,
	title={Robotics: fundamental concepts and analysis},
	author={Ghosal, Ashitava},
	year={2006},
	publisher={Oxford university press}
}

@article{park1995distance,
	title={Distance metrics on the rigid-body motions with applications to mechanism design},
	author={Park, Frank C},
	journal={Journal of Mechanical Design},
	volume={117},
	number={1},
	pages={48--54},
	year={1995},
	publisher={American Society of Mechanical Engineers}
}

@inproceedings{figueredo2013robust,
	title={Robust kinematic control of manipulator robots using dual quaternion representation},
	author={Figueredo, LFC and Adorno, Bruno Vilhena and Ishihara, Jo{\~a}o Yoshiyuki and Borges, Geovany Araujo},
	booktitle={Robotics and Automation (ICRA), 2013 IEEE International Conference on},
	pages={1949--1955},
	year={2013},
	organization={IEEE}
}
@inproceedings{bullo1995proportional,
	title={Proportional {D}erivative {(PD)} control on the {E}uclidean group},
	author={Bullo, Francesco and Murray, Richard M},
	booktitle={European Control Conference},
	volume={2},
	pages={1091--1097},
	year={1995}
}

@article{bottema1979theoretical,
	title={Theoretical kinematics},
	author={Bottema, Oene and Roth, Bernard},
	journal={NORTH-HOLLAND PUBL. CO., N. Y., 1979, 558},
	year={1979}
}
